<?xml version="1.0" encoding="UTF-8"?><collection xmlns="http://www.loc.gov/MARC21/slim"><record><leader>00510nam--2200181-i-4500</leader><controlfield tag="001">000000186</controlfield><controlfield tag="002">20161230</controlfield><controlfield tag="005">20161230201023</controlfield><controlfield tag="008">060222s1000------------r-----000-0-eng-d</controlfield><datafield ind1=" " ind2=" " tag="040"><subfield code="a">IFIN-HH</subfield></datafield><datafield ind1=" " ind2=" " tag="080"><subfield code="a">533</subfield></datafield><datafield ind1="1" ind2=" " tag="100"><subfield code="a">Saltsburg, Howard</subfield></datafield><datafield ind1="1" ind2="0" tag="245"><subfield code="a">Fundamentals of gas-surface interactions</subfield><subfield code="c">HOWARD SALTSBURG, JOE N. SMITH, MILTON ROGERS (Eds.)</subfield></datafield><datafield ind1=" " ind2=" " tag="260"><subfield code="a">New York, Academic Press, 1967</subfield></datafield><datafield ind1=" " ind2=" " tag="300"><subfield code="a">IX + 557 P</subfield></datafield><datafield ind1="1" ind2=" " tag="700"><subfield code="a">Rogers, Milton</subfield></datafield><datafield ind1=" " ind2=" " tag="852"><subfield code="a">29034</subfield><subfield code="c">533.7</subfield></datafield><datafield ind1=" " ind2=" " tag="CAT"><subfield code="a">Sys</subfield><subfield code="c">20100915</subfield><subfield code="h">122902</subfield></datafield></record></collection>